@book{Bornstein,
    author    = "Bornstein, M. H., \& Bruner, J. S.",
    title     = "Interaction in Human Development (Crosscurrents in                       Contemporary Psychology Series",
    year      = "1989",
    publisher = "L. Erlbaum, Ed.",
    address   = "New Jersey, United States America: Psychology Press"
}

@article{boulos,
  author =       "Boulos, M. N., Maramba, I., \& Wheeler, S.",
  title =        " Wikis, blogs and podcasts: a new generation of Web-based                 tools for virtual collaborative clinical practice and                      education",
  journal =      "BMC Medical Education",
  volume =       "VI",
  number =       "8",
  year =         "2006"
}

@article{haklev,
  author =       "Haklev, S., Faucon, L., Hadzilacos, \& Dillenbourg, P.",
  title =        "FROG: rapid prototyping of collaborative learning                         scenarios",
  journal =      "Infoscience: Scientific publications of EPFL",
  year =         "2017",
  DOI =          "https://infoscience.epfl.ch/record/230014/files/ECTEL\%20FR                OG\%20Demo.pdf"
}

@article{Bochkarev,
  author =       "V. V. Bochkarev, A.V. Shevlyakova V.D. Solovyev",
  title =        "Average word length dynamics as indicator of cultural changes in society",
  year =         "2012"
}

@article{Daniel,
  author =       "Daniel A. Epstein, Daniel Avrahami, Jacob T. Biehl",
  title =        "Taking 5: Work-Breaks, Productivity, and Opportunities for Personal                Informatics for Knowledge Workers",
  page =         "4",
  year =         "2016"
}